
@article{medin1988problem,
  title = {Problem Structure and the Use of Base-Rate Information from Experience},
  volume = {117},
  copyright = {\textcopyright{} 1988, American Psychological Association},
  issn = {0096-3445},
  language = {English},
  number = {1},
  journal = {Journal of Experimental Psychology: General},
  author = {Medin, Douglas L. and Edelson, Stephen M.},
  month = mar,
  year = {1988},
  keywords = {base rate neglect,bayesian reasoning,context-sensitive retrieval,error,exemplar model,inverse base-rate effect,prototype formation},
  pages = {68-85}
}


@article{johansen2007paradoxical,
  title = {Paradoxical Effects of Base Rates and Representation in Category Learning},
  volume = {35},
  abstract = {Experiment 2 evaluated representation by actually making the cue\textendash{}outcome relations match the hypothesized representation asymmetry (Figure 1, bottom), and Experiment 3 manipulated both representation symmetry and base rate use.},
  language = {en},
  number = {6},
  journal = {Memory \& Cognition},
  author = {Johansen, Mark K and Fouquet, Nathalie and Shanks, David R.},
  year = {2007},
  keywords = {category learning,cue competition,inverse base-rate effect},
  pages = {1365 - 1379},
  note = {00012}
}


@article{johansen2010featural,
  title = {Featural Selective Attention, Exemplar Representation, and the Inverse Base-Rate Effect},
  volume = {17},
  issn = {1069-9384, 1531-5320},
  language = {en},
  number = {5},
  journal = {Psychonomic Bulletin \& Review},
  author = {Johansen, Mark K. and Fouquet, Nathalie and Shanks, David R.},
  month = oct,
  year = {2010},
  keywords = {attention,categorization,category learning,exemplar model,GCM (generalized context model),inverse base-rate effect,model fit},
  pages = {637-643},
  note = {00012}
}

@article{kruschke1996base,
  title = {Base {{Rates}} in {{Category Learning}}},
  volume = {22},
  language = {en},
  number = {1},
  journal = {Journal of Experimental Psychology: Learning, Memory, and Cognition},
  author = {Kruschke, John K.},
  year = {1996},
  pages = {3-26},
  note = {00218}
}

@article{don2017effects,
  title={Effects of outcome and trial frequency on the inverse base-rate effect},
  author={Don, Hilary J and Livesey, Evan J},
  journal={Memory \& cognition},
  volume={45},
  number={3},
  pages={493--507},
  year={2017},
  publisher={Springer}
}

@article{don2019learned,
  title={Learned predictiveness models predict opposite attention biases in the inverse base-rate effect.},
  author={Don, Hilary J and Beesley, Tom and Livesey, Evan J},
  journal={Journal of Experimental Psychology: Animal Learning and Cognition},
  volume={45},
  number={2},
  pages={143},
  year={2019},
  publisher={American Psychological Association}
}

@article{don2021attention,
  title={Attention biases in the inverse base-rate effect persist into new learning},
  author={Don, Hilary J and Livesey, Evan J},
  journal={Quarterly Journal of Experimental Psychology},
  volume={74},
  number={4},
  pages={669--681},
  year={2021},
  publisher={SAGE Publications Sage UK: London, England}
}

@article{wills2014attention,
  title={Attention, predictive learning, and the inverse base-rate effect: Evidence from event-related potentials},
  author={Wills, Andy J and Lavric, Aureliu and Hemmings, Yvonne and Surrey, Ed},
  journal={NeuroImage},
  volume={87},
  pages={61--71},
  year={2014},
  publisher={Elsevier}
}

@article{inkster2022effect,
  title={Effect of a context shift on the inverse base-rate effect},
  author={Inkster, Angus B and Mitchell, Chris J and Schlegelmilch, Ren{\'e} and Wills, Andy J},
  year={2022},
  journal={Open Journal of Experimental Psychology and Neuroscience},
  volume={1},
  pages={22-29}
}


@article{kalish2001inverse,
  title = {An Inverse Base Rate Effect with Continuously Valued Stimuli},
  volume = {29},
  issn = {0090-502X, 1532-5946},
  language = {en},
  number = {4},
  journal = {Memory \& Cognition},
  doi = {10.3758/BF03200460},
  author = {Kalish, Michael L.},
  month = jun,
  year = {2001},
  pages = {587-597},
  note = {00018}
}

@article{kruschke2001toward,
  title={Toward a unified model of attention in associative learning},
  author={Kruschke, John K.},
  journal={Journal of mathematical psychology},
  volume={45},
  number={6},
  pages={812--863},
  year={2001},
  publisher={Elsevier}
}

@article{paskewitz2020dissecting,
  title={Dissecting EXIT},
  author={Paskewitz, Samuel and Jones, Matt},
  journal={Journal of Mathematical Psychology},
  volume={97},
  pages={102371},
  year={2020},
  publisher={Elsevier}
}

@article{inkster2022neural,
author = {Inkster, Angus B. and Milton, Fraser and Edmunds, Charlotte E. R. and Benattayallah, Abdelmalek and Wills, Andy J.},
title = {Neural correlates of the inverse base rate effect},
journal = {Human Brain Mapping},
volume = {43},
number = {4},
pages = {1370-1380},
keywords = {cognitive neuroscience, fMRI, human learning, inverse base rate effect, prediction error},
year = {2022}
}

@article{https://doi.org/10.1002/hbm.24047,
author = {Fouragnan, Elsa and Retzler, Chris and Philiastides, Marios G.},
title = {Separate neural representations of prediction error valence and surprise: Evidence from an fMRI meta-analysis},
journal = {Human Brain Mapping},
volume = {39},
number = {7},
pages = {2887-2906},
keywords = {decision making, learning, meta-analysis, prediction error, reward},
year = {2018}
}

